
@online{noauthor_basic_nodate,
	title = {Basic Syntax {\textbar} Markdown Guide},
	url = {https://www.markdownguide.org/basic-syntax/},
	abstract = {The Markdown elements outlined in the original design document.},
	urldate = {2022-04-01},
	langid = {english},
	file = {Snapshot:/Users/crinstaniev/Zotero/storage/DMZPVIZ9/basic-syntax.html:text/html},
}

@online{noauthor_visual_nodate,
	title = {Visual Studio Code - Code Editing. Redefined},
	url = {https://code.visualstudio.com/},
	urldate = {2022-04-01},
	file = {Visual Studio Code - Code Editing. Redefined:/Users/crinstaniev/Zotero/storage/HSL668AM/code.visualstudio.com.html:text/html},
}

@online{noauthor_markdown_nodate,
	title = {Markdown Tables generator - {TablesGenerator}.com},
	url = {https://www.tablesgenerator.com/markdown_tables},
	urldate = {2022-04-01},
	file = {Markdown Tables generator - TablesGenerator.com:/Users/crinstaniev/Zotero/storage/WWMTIASN/markdown_tables.html:text/html},
}